@misc{baranek2023randomized,
      title={On the randomized Euler algorithm under inexact information}, 
      author={Marcin Baranek and Andrzej Kałuża and Paweł M. Morkisz and Paweł Przybyłowicz and Michał Sobieraj},
      year={2023},
      eprint={2307.04718},
      archivePrefix={arXiv},
      primaryClass={math.NA}
}

@misc{chen2023sequential,
      title={Sequential Quantum Circuits as Maps between Gapped Phases}, 
      author={Xie Chen and Arpit Dua and Michael Hermele and David T. Stephen and Nathanan Tantivasadakarn and Robijn Vanhove and Jing-Yu Zhao},
      year={2023},
      eprint={2307.01267},
      archivePrefix={arXiv},
      primaryClass={cond-mat.str-el}
}
